@inproceedings{ryan2015toward,
  title={Toward Characters Who Observe, Tell, Misremember, and Lie},
  author={Ryan, James Owen and Summerville, Adam and Mateas, Michael and Wardrip-Fruin, Noah},
  booktitle={Proc. EXAG},
  year={2015}
}

@book{ohta2014mixed,
  title={Mixed reality: merging real and virtual worlds},
  author={Ohta, Yuichi and Tamura, Hideyuki},
  year={2014},
  publisher={Springer}
}

@book{macklin2016games,
  title={Games, Design and Play: A detailed approach to iterative game design},
  author={Macklin, Colleen and Sharp, John},
  year={2016},
  publisher={Addison-Wesley Professional}
}

@misc{squinkifer2014coffee,
  title={{Coffee: A Misunderstanding}},
  author={Squinkifer, Dietrich},
  year={2014}
}

@misc{seance,
  title={S\'{e}ance},
  author={{TwoCan Consortium}},
  year={2016}
}

@inproceedings{martens2016towards,
  title={Towards Computational Support for Experimental Theater},
  author={Martens, Chris},
  year={2016}
}

@article{green2004understanding,
  title={Understanding media enjoyment: The role of transportation into narrative worlds},
  author={Green, Melanie C and Brock, Timothy C and Kaufman, Geoff F},
  journal={Communication Theory},
  year={2004}
}

@inproceedings{ryan2015bad,
  title={{Bad News}: A Computationally Assisted Live-Action Prototype to Guide Content Creation},
  author={Ryan, James Owen and Samuel, Ben and Summerville, Adam and Lessard, Jonathan},
  booktitle={Proc. EXAG},
  year={2015}
}

@inproceedings{ryan2016bad,
  title={{Bad News}: A Game of Death and Communication},
  author={Ryan, James Owen and Summerville, Adam J and Samuel, Ben},
  booktitle={Proc. CHI},
  year={2016}
}

@inproceedings{samuel2016bad,
  title={{Bad News}: An Experiment in Computationally Assisted Performance},
  author={Samuel, Benjamin and Ryan, James and Summerville, Adam and Mateas, Michael and Wardrip-Fruin, Noah},
  booktitle={Proc. ICIDS},
  year={2016}
}

